% Soudan
@article{PhysRevD.90.122003,
  title =	 {Measuring muon-induced neutrons with liquid
                  scintillation detector at Soudan mine},
  author =	 {Zhang, C. and Mei, D.-M.},
  journal =	 {Phys. Rev. D},
  volume =	 {90},
  issue =	 {12},
  pages =	 {122003},
  numpages =	 {13},
  year =	 {2014},
  month =	 {Dec},
  publisher =	 {American Physical Society},
  doi =		 {10.1103/PhysRevD.90.122003},
  url =		 {https://link.aps.org/doi/10.1103/PhysRevD.90.122003}
}


% Kamioka
@article{PhysRevD.93.012004,
  title =	 {First measurement of radioactive isotope production
                  through cosmic-ray muon spallation in
                  Super-Kamiokande IV},
  author =	 {Zhang, Y. and Abe, K. and Haga, Y. and Hayato,
                  Y. and Ikeda, M. and Iyogi, K. and Kameda, J. and
                  Kishimoto, Y. and Miura, M. and Moriyama, S. and
                  Nakahata, M. and Nakajima, T. and Nakano, Y. and
                  Nakayama, S. and Orii, A. and Sekiya, H. and
                  Shiozawa, M. and Takeda, A. and Tanaka, H. and
                  Tomura, T. and Wendell, R. A. and Irvine, T. and
                  Kajita, T. and Kametani, I. and Kaneyuki, K. and
                  Nishimura, Y. and Richard, E. and Okumura, K. and
                  Labarga, L. and Fernandez, P. and Gustafson, J. and
                  Kachulis, C. and Kearns, E. and Raaf, J. L. and
                  Stone, J. L. and Sulak, L. R. and Berkman, S. and
                  Nantais, C. M. and Tanaka, H. A. and Tobayama,
                  S. and Goldhaber, M. and Carminati, G. and
                  Griskevich, N. J. and Kropp, W. R. and Mine, S. and
                  Renshaw, A. and Smy, M. B. and Sobel, H. W. and
                  Takhistov, V. and Weatherly, P. and Ganezer,
                  K. S. and Hartfiel, B. L. and Hill, J. and Hong,
                  N. and Kim, J. Y. and Lim, I. T. and Himmel, A. and
                  Li, Z. and Scholberg, K. and Walter, C. W. and
                  Wongjirad, T. and Ishizuka, T. and Tasaka, S. and
                  Jang, J. S. and Learned, J. G. and Matsuno, S. and
                  Smith, S. N. and Friend, M. and Hasegawa, T. and
                  Ishida, T. and Ishii, T. and Kobayashi, T. and
                  Nakadaira, T. and Nakamura, K. and Oyama, Y. and
                  Sakashita, K. and Sekiguchi, T. and Tsukamoto,
                  T. and Suzuki, A. T. and Takeuchi, Y. and Yano,
                  T. and Hirota, S. and Huang, K. and Ieki, K. and
                  Kikawa, T. and Minamino, A. and Nakaya, T. and
                  Suzuki, K. and Takahashi, S. and Fukuda, Y. and
                  Choi, K. and Itow, Y. and Suzuki, T. and Mijakowski,
                  P. and Frankiewicz, K. and Hignight, J. and Imber,
                  J. and Jung, C. K. and Li, X. and Palomino,
                  J. L. and Wilking, M. J. and Yanagisawa, C. and
                  Ishino, H. and Kayano, T. and Kibayashi, A. and
                  Koshio, Y. and Mori, T. and Sakuda, M. and Kuno,
                  Y. and Tacik, R. and Kim, S. B. and Okazawa, H. and
                  Choi, Y. and Nishijima, K. and Koshiba, M. and Suda,
                  Y. and Totsuka, Y. and Yokoyama, M. and Bronner,
                  C. and Hartz, M. and Martens, K. and Marti, Ll. and
                  Suzuki, Y. and Vagins, M. R. and Martin, J. F. and
                  de Perio, P. and Konaka, A. and Chen, S. and Wilkes,
                  R. J.},
  collaboration ={Super-Kamiokande Collaboration},
  journal =	 {Phys. Rev. D},
  volume =	 {93},
  issue =	 {1},
  pages =	 {012004},
  numpages =	 {12},
  year =	 {2016},
  month =	 {Jan},
  publisher =	 {American Physical Society},
  doi =		 {10.1103/PhysRevD.93.012004},
  url =		 {https://link.aps.org/doi/10.1103/PhysRevD.93.012004}
}


% Boulby
@article{REICHHART201367,
  title =	 {Measurement and simulation of the muon-induced
                  neutron yield in lead},
  journal =	 {Astroparticle Physics},
  volume =	 {47},
  pages =	 {67-76},
  year =	 {2013},
  issn =	 {0927-6505},
  doi =		 {https://doi.org/10.1016/j.astropartphys.2013.06.002},
  url =
                  {https://www.sciencedirect.com/science/article/pii/S0927650513000972},
  author =	 {L. Reichhart and A. Lindote and D.Yu. Akimov and
                  H.M. Araújo and E.J. Barnes and V.A. Belov and
                  A. Bewick and A.A. Burenkov and V. Chepel and
                  A. Currie and L. DeViveiros and B. Edwards and
                  V. Francis and C. Ghag and A. Hollingsworth and
                  M. Horn and G.E. Kalmus and A.S. Kobyakin and
                  A.G. Kovalenko and V.A. Kudryavtsev and
                  V.N. Lebedenko and M.I. Lopes and R. Lüscher and
                  P. Majewski and A.St J. Murphy and F. Neves and
                  S.M. Paling and J. {Pinto da Cunha} and R. Preece
                  and J.J. Quenby and P.R. Scovell and C. Silva and
                  V.N. Solovov and N.J.T. Smith and P.F. Smith and
                  V.N. Stekhanov and T.J. Sumner and C. Thorne and
                  R.J. Walker},
  keywords =	 {Cosmic-ray muon-induced neutrons, Underground
                  experiments, ZEPLIN-III, Dark matter, GEANT4, Monte
                  Carlo simulations},
}

%  abstract =	 {A measurement is presented of the neutron production
%                  rate in lead by high energy cosmic-ray muons at a
%                  depth of 2850m water equivalent (w.e.) and a mean
%                  muon energy of 260~GeV. The measurement exploits the
%                  delayed coincidences between muons and the radiative
%                  capture of induced neutrons in a highly segmented
%                  tonne scale plastic scintillator detector. Detailed
%                  Monte Carlo simulations reproduce well the measured
%                  capture times and multiplicities and, within the
%                  dynamic range of the instrumentation, the spectrum
%                  of energy deposits. By comparing measurements with
%                  simulations of neutron capture rates a neutron yield
%                  in lead of $(5.78_{-0.28}^{+0.21)
%                  \times 10^{-3}$ neutrons/muon/(g/cm2) has been
%                  obtained. Absolute agreement between simulation and
%                  data is of order $25\%$. Consequences for deep
%                  underground rare event searches are discussed.}


% Gran Sasso
@article{Agostini.2019,
  doi =		 {10.1088/1475-7516/2019/02/046},
  url =		 {https://doi.org/10.1088/1475-7516/2019/02/046},
  year =	 2019,
  month =	 {feb},
  publisher =	 {{IOP} Publishing},
  volume =	 {2019},
  number =	 {02},
  pages =	 {046--046},
  author =	 {M. Agostini and K. Altenmüller and S. Appel and
                  V. Atroshchenko and Z. Bagdasarian and D. Basilico
                  and G. Bellini and J. Benziger and D. Bick and
                  I. Bolognino and G. Bonfini and D. Bravo and
                  B. Caccianiga and F. Calaprice and A. Caminata and
                  S. Caprioli and M. Carlini and P. Cavalcante and
                  F. Cavanna and A. Chepurnov and K. Choi and
                  L. Collica and D. D{\textquotesingle}Angelo and
                  S. Davini and A. Derbin and X.F. Ding and A. Di
                  Ludovico and L. Di Noto and I. Drachnev and
                  K. Fomenko and A. Formozov and D. Franco and
                  F. Gabriele and C. Galbiati and M. Gschwender and
                  C. Ghiano and M. Giammarchi and A. Goretti and
                  M. Gromov and D. Guffanti and C. Hagner and T. Houdy
                  and E. Hungerford and Aldo Ianni and Andrea Ianni
                  and A. Jany and D. Jeschke and V. Kobychev and
                  D. Korablev and G. Korga and V.A. Kudryavtsev and
                  S. Kumaran and T. Lachenmaier and M. Laubenstein and
                  E. Litvinovich and F. Lombardi and P. Lombardi and
                  L. Ludhova and G. Lukyanchenko and L. Lukyanchenko
                  and I. Machulin and G. Manuzio and S. Marcocci and
                  J. Maricic and J. Martyn and S. Meighen-Berger and
                  E. Meroni and M. Meyer and L. Miramonti and
                  M. Misiaszek and V. Muratova and B. Neumair and
                  M. Nieslony and L. Oberauer and B. Opitz and
                  V. Orekhov and F. Ortica and M. Pallavicini and
                  L. Papp and Ö. Penek and L. Pietrofaccia and
                  N. Pilipenko and A. Pocar and A. Porcelli and
                  G. Raikov and G. Ranucci and A. Razeto and A. Re and
                  M. Redchuk and A. Romani and N. Rossi and
                  S. Rottenanger and S. Schönert and D. Semenov and
                  M. Skorokhvatov and O. Smirnov and A. Sotnikov and
                  L.F.F. Stokes and Y. Suvorov and R. Tartaglia and
                  G. Testera and J. Thurn and M. Toropova and
                  E. Unzhakov and A. Vishneva and R.B. Vogelaar and
                  F. von Feilitzsch and S. Weinz and M. Wojcik and
                  M. Wurm and Z. Yokley and O. Zaimidoroga and
                  S. Zavatarelli and K. Zuber and G. Zuzel},
  title =	 {Modulations of the cosmic muon signal in ten years
                  of Borexino data},
  journal =	 {Journal of Cosmology and Astroparticle Physics},
  abstract =	 {We have measured the flux of cosmic muons in the
                  Laboratori Nazionali del Gran Sasso at 3800 m
                  w.e. to be $(3.432 \pm 0.003) \cdot 10−4 m−2s−1$ based on ten
                  years of Borexino data acquired between May 2007 and
                  May 2017. A seasonal modulation with a period of
                  $(366.3 \pm 0.6)~d$ and a relative amplitude of
                  $(1.36 \pm 0.04)\%$ is observed. The phase is measured to
                  be $(181.7 \pm 0.4)~d$, corresponding to a maximum at
                  the 1st of July. Using data inferred from global
                  atmospheric models, we show the muon flux to be
                  positively correlated with the atmospheric
                  temperature and measure the effective temperature
                  coefficient $\alpha_T = 0.90 \pm 0.02$. The origin of cosmic
                  muons from pion and kaon decays in the atmosphere
                  allows to interpret the effective temperature
                  coefficient as an indirect measurement of the
                  atmospheric kaon-to-pion production ratio
                  r$_{K/\pi}$ = $0.11^{+0.11}_{−0.07}$ for primary energies above 18
                  TeV. We find evidence for a long-term modulation of
                  the muon flux with a period of $\sim3000~d$ and a
                  maximum in June 2012 that is not present in the
                  atmospheric temperature data. A possible correlation
                  between this modulation and the solar activity is
                  investigated. The cosmogenic neutron production rate
                  is found to show a seasonal modulation in phase with
                  the cosmic muon flux but with an increased amplitude
                  of $(2.6 \pm 0.4)\%$.}
}

% Frejus
@article{PhysRevD.40.2163,
  title =	 {Experimental study of muon bundles observed in the
                  Fr\'ejus detector},
  author =	 {Berger, Ch. and Fr\"ohlich, M. and M\"onch, H. and
                  Nisius, R. and Raupach, F. and Schleper, P. and
                  Benadjal, Y. and Blum, D. and Bourdarious, C. and
                  Dudelzak, B. and Eschstruth, P. and Jullian, S. and
                  Lalanne, D. and Laplanche, F. and Longuemare, C. and
                  Paulot, C. and Perdereau, O. and Roy, Ph. and
                  Szklarz, G. and Behr, L. and Degrange, B. and Minet,
                  Y. and Nguyen-Khac, U. and Serri, P. and Tisserant,
                  S. and Tripp, R. D. and Arpesella, C. and Bareyre,
                  P. and Barloutaud, R. and Borg, A. and Chardin,
                  G. and Ernwein, J. and Glicenstein, J. F. and Mosca,
                  L. and Moscoso, L. and Becker, J. and Becker,
                  K. H. and Daum, H. J. and Demski, S. and Jacobi,
                  B. and Kuznik, B. and Mayer, R. and Meyer, H. and
                  M\"oller, R. and Schubnell, M. and Seyffert, B. and
                  Wei, Y. and Wintgen, P.},
  collaboration ={Fr\'ejus Collaboration},
  journal =	 {Phys. Rev. D},
  volume =	 {40},
  issue =	 {7},
  pages =	 {2163--2171},
  numpages =	 {0},
  year =	 {1989},
  month =	 {Oct},
  publisher =	 {American Physical Society},
  doi =		 {10.1103/PhysRevD.40.2163},
  url =		 {https://link.aps.org/doi/10.1103/PhysRevD.40.2163}
}


% Sudbury
@article{PhysRevD.80.012001,
  title =	 {Measurement of the cosmic ray and neutrino-induced
                  muon flux at the Sudbury neutrino observatory},
  author =	 {Aharmim, B. and Ahmed, S. N. and Andersen, T. C. and
                  Anthony, A. E. and Barros, N. and Beier, E. W. and
                  Bellerive, A. and Beltran, B. and Bergevin, M. and
                  Biller, S. D. and Boudjemline, K. and Boulay,
                  M. G. and Burritt, T. H. and Cai, B. and Chan,
                  Y. D. and Chen, M. and Chon, M. C. and Cleveland,
                  B. T. and Cox-Mobrand, G. A. and Currat, C. A. and
                  Dai, X. and Dalnoki-Veress, F. and Deng, H. and
                  Detwiler, J. and Doe, P. J. and Dosanjh, R. S. and
                  Doucas, G. and Drouin, P.-L. and Duncan, F. A. and
                  Dunford, M. and Elliott, S. R. and Evans, H. C. and
                  Ewan, G. T. and Farine, J. and Fergani, H. and
                  Fleurot, F. and Ford, R. J. and Formaggio, J. A. and
                  Gagnon, N. and Goon, J. T. M. and Graham, K. and
                  Grant, D. R. and Guillian, E. and Habib, S. and
                  Hahn, R. L. and Hallin, A. L. and Hallman, E. D. and
                  Hargrove, C. K. and Harvey, P. J. and Hazama, R. and
                  Heeger, K. M. and Heintzelman, W. J. and Heise,
                  J. and Helmer, R. L. and Hemingway, R. J. and
                  Henning, R. and Hime, A. and Howard, C. and Howe,
                  M. A. and Huang, M. and Jamieson, B. and Jelley,
                  N. A. and Klein, J. R. and Kos, M. and Kr\"uger,
                  A. and Kraus, C. and Krauss, C. B. and Kutter,
                  T. and Kyba, C. C. M. and Lange, R. and Law, J. and
                  Lawson, I. T. and Lesko, K. T. and Leslie, J. R. and
                  Levine, I. and Loach, J. C. and Luoma, S. and
                  MacLellan, R. and Majerus, S. and Mak, H. B. and
                  Maneira, J. and Marino, A. D. and Martin, R. and
                  McCauley, N. and McDonald, A. B. and McGee, S. and
                  Mifflin, C. and Miller, M. L. and Monreal, B. and
                  Monroe, J. and Noble, A. J. and Oblath, N. S. and
                  Okada, C. E. and O'Keeffe, H. M. and Opachich,
                  Y. and Gann, G. D. Orebi and Oser, S. M. and Ott,
                  R. A. and Peeters, S. J. M. and Poon, A. W. P. and
                  Prior, G. and Rielage, K. and Robertson, B. C. and
                  Robertson, R. G. H. and Rollin, E. and Schwendener,
                  M. H. and Secrest, J. A. and Seibert, S. R. and
                  Simard, O. and Simpson, J. J. and Sinclair, D. and
                  Skensved, P. and Smith, M. W. E. and Sonley,
                  T. J. and Steiger, T. D. and Stonehill, L. C. and
                  Tagg, N. and Te\ifmmode \check{s}\else
                  \v{s}\fi{}i\ifmmode \acute{c}\else \'{c}\fi{},
                  G. and Tolich, N. and Tsui, T. and de Water,
                  R. G. Van and VanDevender, B. A. and Virtue,
                  C. J. and Waller, D. and Waltham, C. E. and Tseung,
                  H. Wan Chan and Wark, D. L. and Watson, P. and
                  Wendland, J. and West, N. and Wilkerson, J. F. and
                  Wilson, J. R. and Wouters, J. M. and Wright, A. and
                  Yeh, M. and Zhang, F. and Zuber, K.},
  collaboration ={SNO Collaboration},
  journal =	 {Phys. Rev. D},
  volume =	 {80},
  issue =	 {1},
  pages =	 {012001},
  numpages =	 {15},
  year =	 {2009},
  month =	 {Jul},
  publisher =	 {American Physical Society},
  doi =		 {10.1103/PhysRevD.80.012001},
  url =		 {https://link.aps.org/doi/10.1103/PhysRevD.80.012001}
}

% Jingping
@article{Guo.2021,
  doi =		 {10.1088/1674-1137/abccae},
  url =		 {https://doi.org/10.1088/1674-1137/abccae},
  year =	 2021,
  month =	 {feb},
  publisher =	 {{IOP} Publishing},
  volume =	 {45},
  number =	 {2},
  pages =	 {025001},
  author =	 {Zi-yi Guo and Lars Bathe-Peters and Shao-min Chen
                  and Mourad Chouaki and Wei Dou and Lei Guo and
                  Ghulam Hussain and Jin-jing Li and Qian Liu and
                  Guang Luo and Wen-tai Luo and Ming Qi and Wen-hui
                  Shao and Jian Tang and Lin-yan Wan and Zhe Wang and
                  Ben-da Xu and Tong Xu and Wei-ran Xu and Yu-zi Yang
                  and Minfang Yeh and Lin Zhao},
  title =	 {Muon flux measurement at China Jinping Underground
                  Laboratory},
  journal =	 {Chinese Physics C},
%  abstract =	 {China Jinping Underground Laboratory (CJPL) is ideal
%                  for studying solar, geo-, and supernova neutrinos. A
%                  precise measurement of the cosmic-ray background is
%                  essential in proceeding with R&D research for these
%                  MeV-scale neutrino experiments. Using a 1-ton
%                  prototype detector for the Jinping Neutrino
%                  Experiment (JNE), we detected 264 high-energy muon
%                  events from a 645.2-day dataset from the first phase
%                  of CJPL (CJPL-I), reconstructed their directions,
%                  and measured the cosmic-ray muon flux to be cm s
%                  . The observed angular distributions indicate the
%                  leakage of cosmic-ray muon background and agree with
%                  simulation data accounting for Jinping mountain's
%                  terrain. A survey of muon fluxes at different
%                  laboratory locations, considering both those
%                  situated under mountains and those down mine shafts,
%                  indicates that the flux at the former is generally a
%                  factor of larger than at the latter, with the same
%                  vertical overburden. This study provides a
%                  convenient back-of-the-envelope estimation for the
%                  muon flux of an underground experiment.}
}

% SURF
% flux

@article{ABGRALL201770,
  title =	 {Muon flux measurements at the davis campus of the
                  sanford underground research facility with the
                  majorana demonstrator veto system},
  journal =	 {Astroparticle Physics},
  volume =	 {93},
  pages =	 {70-75},
  year =	 {2017},
  issn =	 {0927-6505},
  doi =		 {https://doi.org/10.1016/j.astropartphys.2017.01.013},
  url =
                  {https://www.sciencedirect.com/science/article/pii/S0927650517300038},
  author =	 {N. Abgrall and E. Aguayo and F.T. Avignone and
                  A.S. Barabash and F.E. Bertrand and A.W. Bradley and
                  V. Brudanin and M. Busch and M. Buuck and D. Byram
                  and A.S. Caldwell and Y-D. Chan and
                  C.D. Christofferson and P.-H. Chu and C. Cuesta and
                  J.A. Detwiler and C. Dunagan and Yu. Efremenko and
                  H. Ejiri and S.R. Elliott and A. Galindo-Uribarri
                  and T. Gilliss and G.K. Giovanetti and J. Goett and
                  M.P. Green and J. Gruszko and I.S. Guinn and
                  V.E. Guiseppe and R. Henning and E.W. Hoppe and
                  S. Howard and M.A. Howe and B.R. Jasinski and
                  K.J. Keeter and M.F. Kidd and S.I. Konovalov and
                  R.T. Kouzes and B.D. LaFerriere and J. Leon and
                  A.M. Lopez and J. MacMullin and R.D. Martin and
                  R. Massarczyk and S.J. Meijer and S. Mertens and
                  J.L. Orrell and C. O’Shaughnessy and N.R. Overman
                  and A.W.P. Poon and D.C. Radford and J. Rager and
                  K. Rielage and R.G.H. Robertson and E. Romero-Romero
                  and M.C. Ronquest and C. Schmitt and B. Shanks and
                  M. Shirchenko and N. Snyder and A.M. Suriano and
                  D. Tedeschi and J.E. Trimble and R.L. Varner and
                  S. Vasilyev and K. Vetter and K. Vorren and
                  B.R. White and J.F. Wilkerson and C. Wiseman and
                  W. Xu and E. Yakushev and C.-H. Yu and V. Yumatov
                  and I. Zhitnikov},
  keywords =	 {Cosmic, Ray, Flux},
  abstract =	 {We report the first measurement of the total muon
                  flux underground at the Davis Campus of the Sanford
                  Underground Research Facility at the 4850  ft
                  level. Measurements were performed using the
                  Majorana Demonstrator muon veto system arranged in
                  two different configurations. The measured total
                  flux is (5.31±0.17)×10−9μ/s/cm2.}
}

% depth
@article{PhysRevD.27.1444,
  title =	 {Multiple muons in the Homestake underground
                  detector},
  author =	 {Cherry, M. L. and Deakyne, M. and Lande, K. and Lee,
                  C. K. and Steinberg, R. I. and Cleveland, B. and
                  Fenyves, E. J.},
  journal =	 {Phys. Rev. D},
  volume =	 {27},
  issue =	 {7},
  pages =	 {1444--1447},
  numpages =	 {0},
  year =	 {1983},
  month =	 {Apr},
  publisher =	 {American Physical Society},
  doi =		 {10.1103/PhysRevD.27.1444},
  url =		 {https://link.aps.org/doi/10.1103/PhysRevD.27.1444}
}


% Canfranc
% - flux
@Article{Trzaska2019,
  author =	 {Trzaska, Wladyslaw Henryk and Slupecki, Maciej and
                  Bandac, Iulian and Bayo, Alberto and Bettini,
                  Alessandro and Bezrukov, Leonid and Enqvist, Timo
                  and Fazliakhmetov, Almaz and Ianni, Aldo and
                  Inzhechik, Lev and Joutsenvaara, Jari and
                  Kuusiniemi, Pasi and Loo, Kai and Lubsandorzhiev,
                  Bayarto and Nozik, Alexander and Pe{\~{n}}a Garay,
                  Carlos and Poliakova, Maria},
  title =	 {Cosmic-ray muon flux at Canfranc Underground
                  Laboratory},
  journal =	 {The European Physical Journal C},
  year =	 {2019},
  month =	 {Aug},
  day =		 {28},
  volume =	 {79},
  number =	 {8},
  pages =	 {721},
  abstract =	 {Residual flux and angular distribution of
                  high-energy cosmic muons have been measured in two
                  underground locations at the Canfranc Underground
                  Laboratory (LSC) using a dedicated Muon Monitor. The
                  instrument consists of three layers of fast
                  scintillation detector modules operating as 352
                  independent pixels. The monitor has a flux-defining
                  area of {\$}{\$}1{\textasciitilde}{\backslash}hbox
                  {\{}m{\}}^{\{}2{\}}{\$}{\$}and covers all azimuth
                  angles, and zenith angles up to
                  {\$}{\$}80^{\{}{\backslash}circ {\}}{\$}{\$}. The
                  measured integrated muon flux is {\$}{\$}(5.26
                  {\backslash}pm 0.21) {\backslash}times
                  10^{\{}-3{\}}{\textasciitilde}{\backslash}hbox
                  {\{}m{\}}^{\{}-2{\}}{\backslash}hbox
                  {\{}s{\}}^{\{}-1{\}}{\$}{\$}in the Hall A of the
                  LAB2400 and {\$}{\$}(4.29
                  {\backslash},{\backslash}pm {\backslash}, 0.17)
                  {\backslash}times
                  10^{\{}-3{\}}{\textasciitilde}{\backslash}hbox
                  {\{}m{\}}^{\{}-2{\}}{\backslash}hbox
                  {\{}s{\}}^{\{}-1{\}}{\$}{\$}in LAB2500. The angular
                  dependence is consistent with the known profile and
                  rock density of the surrounding mountains. In
                  particular, there is a clear maximum in the flux
                  coming from the direction of the Rioseta valley.},
  issn =	 {1434-6052},
  doi =		 {10.1140/epjc/s10052-019-7239-9},
  url =		 {https://doi.org/10.1140/epjc/s10052-019-7239-9}
}

% - depth
@INPROCEEDINGS{Canfranc2005,
  author =	 {J. MORALES and B. BELTRÁN and J.M. CARMONA and
                  S. CEBRIÁN and E. GARCÍA and I.G. IRASTORZA and
                  H. GÓMEZ and G. LUZÓN and M. MARTÍNEZ and A. MORALES
                  and A. ORTÍZ DE SOLÓRZANO and C. POBES and
                  J. PUIMEDÓN and A. RODRÍGUEZ and J. RUZ and
                  M.L. SARSA and L. TORRES and J.A. VILLAR},
  Title =	 {THE CANFRANC UNDERGROUND LABORATORY. PRESENT AND
                  FUTURE},
  booktitle =	 {The Identification of Dark Matter},
  booksubtitle = {Proceedings of the Fifth International Workshop,
                  Edinburgh, UK, 6 – 10 September 2004},
  pages =	 {447-452},
  year =	 {2005},
  month =	 {May},
  DOI =		 {10.1142/9789812701848_0067},
  url =		 {https://doi.org/10.1142/9789812701848_0067}
}

% Pyhasalmi
@article{ENQVIST2005286,
  title =	 {Measurements of muon flux in the Pyhäsalmi
                  underground laboratory},
  journal =	 {Nuclear Instruments and Methods in Physics Research
                  Section A: Accelerators, Spectrometers, Detectors
                  and Associated Equipment},
  volume =	 {554},
  number =	 {1},
  pages =	 {286-290},
  year =	 {2005},
  issn =	 {0168-9002},
  doi =		 {https://doi.org/10.1016/j.nima.2005.08.065},
  url =
                  {https://www.sciencedirect.com/science/article/pii/S0168900205016761},
  author =	 {T. Enqvist and A. Mattila and V. Föhr and T. Jämsén
                  and M. Lehtola and J. Narkilahti and J. Joutsenvaara
                  and S. Nurmenniemi and J. Peltoniemi and H. Remes
                  and J. Sarkamo and C. Shen and I. Usoskin},
  keywords =	 {Underground laboratory, Measured muon flux, Muon
                  background, Cosmic-ray induced muon, Plastic
                  scintillation detector},
  abstract =	 {The cosmic-ray induced muon flux was measured at
                  several depths in the Pyhäsalmi mine (Finland) using
                  a plastic scintillator telescope mounted on a
                  trailer. The flux was determined at four different
                  depths underground at 400m (980m.w.e), at 660m
                  (1900m.w.e), at 990m (2810m.w.e) and at 1390m
                  (3960m.w.e) with the trailer, and also at the ground
                  surface. In addition, previously measured fluxes
                  from depths of 90m (210m.w.e) and 210m (420m.w.e)
                  are shown. A relation was obtained for the
                  underground muon flux as a function of the
                  depth. The measured flux follows well the general
                  behaviour and is consistent with results determined
                  in other underground laboratories.}
}

% MUSIC
@article{PhysRevD.74.053007,
  title =	 {Muon simulations for Super-Kamiokande, KamLAND, and
                  CHOOZ},
  author =	 {Tang, Alfred and Horton-Smith, Glenn and
                  Kudryavtsev, Vitaly A. and Tonazzo, Alessandra},
  journal =	 {Phys. Rev. D},
  volume =	 {74},
  issue =	 {5},
  pages =	 {053007},
  numpages =	 {14},
  year =	 {2006},
  month =	 {Sep},
  publisher =	 {American Physical Society},
  doi =		 {10.1103/PhysRevD.74.053007},
  url =		 {https://link.aps.org/doi/10.1103/PhysRevD.74.053007}
}


@Article{Kudryavtsev:2008qh,
  author =	 {Kudryavtsev, V. A.},
  journal =	 {Comput. Phys. Commun.},
  title =	 {{Muon simulation codes MUSIC and MUSUN for
                  underground physics}},
  year =	 {2009},
  pages =	 {339-346},
  volume =	 {180},
  archiveprefix ={arXiv},
  doi =		 {10.1016/j.cpc.2008.10.013},
  eprint =	 {0810.4635},
  file =
                  {:/Users/viktor/work/boulby/report/flux_vs_depth_plot/Vitaly_MUSIC_cpc2008_Kudryavtsev_2008qh.pdf:PDF;:/Users/viktor/Documents/Sheffield/DUNE/Calibration/Cosmics/MUSIC/1-s2.0-S0010465508003640-main.pdf:PDF},
  groups =	 {my thesis, Underground cosmics sims, Boulby DM,
                  Cosmic muon flux underground plot},
  primaryclass = {physics.comp-ph},
  slaccitation = {%%CITATION = ARXIV:0810.4635;%%},
}
